Automatically generated by Mendeley Desktop 1.12.2
Any changes to this file will be lost if it is regenerated by Mendeley.

BibTeX export options can be customized via Options -> BibTeX in Mendeley Desktop

@article{Bender2014,
annote = {Proposta do TC-I},
author = {Bender, Paulo Igor Leopoldes},
file = {:home/ileopoldes/Documents/Mendeley Desktop/Formul\'{a}rio Aluno -PROPOSTA DE TCI - Paulo Bender.pdf:pdf},
title = {{PROPOSTA DE TRABALHO DE CONCLUS\~{A}O I - Elasticidade proativa em Cloud Computing}},
year = {2014}
}
