Automatically generated by Mendeley Desktop 1.12.2
Any changes to this file will be lost if it is regenerated by Mendeley.

BibTeX export options can be customized via Options -> BibTeX in Mendeley Desktop

@article{Lorido-botr2012,
author = {Lorido-botr, Tania},
file = {:home/ileopoldes/Documents/Mendeley Desktop/Auto-scaling Techniques for Elastic Applications in Cloud Environments.pdf:pdf},
pages = {1--44},
title = {{Auto-scaling Techniques for Elastic Applications in Cloud Environments}},
year = {2012}
}
@article{Wilkes2010,
author = {Wilkes, John},
doi = {10.1109/CNSM.2010.5691343},
file = {:home/ileopoldes/Documents/Mendeley Desktop/PRESS$\backslash$: PRedictive Elastic ReSource Scaling for cloud systems.pdf:pdf},
isbn = {978-1-4244-8910-7},
journal = {2010 International Conference on Network and Service Management},
month = oct,
pages = {9--16},
publisher = {Ieee},
title = {{PRESS: PRedictive Elastic ReSource Scaling for cloud systems}},
url = {http://ieeexplore.ieee.org/lpdocs/epic03/wrapper.htm?arnumber=5691343},
year = {2010}
}
@article{Righi2013,
annote = {Estado da Arte
Defini\c{c}\~{o}es sobre cloud},
author = {Righi, Rodrigo Da Rosa},
doi = {10.5335/rbca.2013.3084},
file = {:home/ileopoldes/Documents/Mendeley Desktop/Cloud-Elasticidade.pdf:pdf},
issn = {2176-6649},
journal = {Revista Brasileira de Computa\c{c}\~{a}o Aplicada},
keywords = {cloud computing,elasticity,resource provisioning,virtualization},
month = nov,
number = {2},
pages = {2--17},
title = {{Elasticidade em cloud computing: conceito, estado da arte e novos desafios}},
url = {http://www.upf.br/seer/index.php/rbca/article/view/3084},
volume = {5},
year = {2013}
}
