Automatically generated by Mendeley Desktop 1.12.2
Any changes to this file will be lost if it is regenerated by Mendeley.

BibTeX export options can be customized via Options -> BibTeX in Mendeley Desktop

@article{Wilkes2010,
annote = {
        TR1
        

        

        

        
Duas abordagens:
- Predi\c{c}\~{a}o de demanda de recurso dirigda por padr\~{a}o de assinatura (FFT - fast forrier transform)
- Predi\c{c}\~{a}o de demanda de recurso dirigida por estado (cadeia de Markov)
- Slide window
- Calibrar
- Vertical
-> RUBiS

        

        

        

        

        

        

        

        

        

        

        

        
* Time critical x soft time requirements (applications)},
author = {Wilkes, John},
doi = {10.1109/CNSM.2010.5691343},
file = {:home/ileopoldes/Documents/Mendeley Desktop/PRESS$\backslash$: PRedictive Elastic ReSource Scaling for cloud systems.pdf:pdf},
isbn = {978-1-4244-8910-7},
journal = {2010 International Conference on Network and Service Management},
month = oct,
pages = {9--16},
publisher = {Ieee},
title = {{PRESS: PRedictive Elastic ReSource Scaling for cloud systems}},
url = {http://ieeexplore.ieee.org/lpdocs/epic03/wrapper.htm?arnumber=5691343},
year = {2010}
}
@article{Mell2012,
annote = {Conceitos de cloud segundo o NIST},
author = {Mell, P and Grance, T},
file = {:home/ileopoldes/Documents/Mendeley Desktop/nist-SP800-145.pdf:pdf},
journal = {URL http://csrc. nist. gov/publications/nistpubs/800-145/ \ldots},
keywords = {Cloud Computing,IaaS,Infrastructure as a Service,Measured Service,NIST SP 800-145,On-demand Self Service,PaaS,Platform as a Service,Rapid Elasticity,Reserve Pooling,SaaS,Software as a Service,The NIST Definition of Cloud Computing},
title = {{The NIST Definition of Cloud Computing: Recommendations of the National Institute of Standards and Technology (2011)}},
url = {http://scholar.google.com/scholar?hl=en\&btnG=Search\&q=intitle:The+NIST+Definition+of+Cloud+Computing+Recommendations+of+the+National+Institute+of+Standards+and+Technology\#6},
year = {2012}
}
@book{Shumway2000,
annote = {Livro Shumway time series},
author = {Shumway, RH and Stoffer, DS},
file = {:home/ileopoldes/Documents/Mendeley Desktop/Time Series Analysis and its Applications - Shumway and Stoffer.pdf:pdf},
isbn = {9781441978646},
keywords = {time series},
mendeley-tags = {time series},
pages = {591},
title = {{Time series analysis and its applications}},
url = {http://link.springer.com/content/pdf/10.1007/0-387-71599-1.pdf http://www.stat.pitt.edu/stoffer/tsa3/tsa3ez.pdf},
year = {2000}
}
@article{Moldovan2013,
author = {Moldovan, Daniel and Copil, Georgiana and Truong, Hong-Linh and Dustdar, Schahram},
doi = {10.1109/CloudCom.2013.18},
file = {:home/ileopoldes/Documents/Mendeley Desktop/06753781.pdf:pdf},
journal = {2013 IEEE 5th International Conference on Cloud Computing Technology and Science},
keywords = {-elastic computing,cloud service,elasticity analysis,elasticity monitor-,ing},
month = dec,
pages = {80--87},
publisher = {Ieee},
title = {{MELA: Monitoring and Analyzing Elasticity of Cloud Services}},
url = {http://ieeexplore.ieee.org/lpdocs/epic03/wrapper.htm?arnumber=6753781},
year = {2013}
}
@article{Kranas2012,
author = {Kranas, Pavlos and Anagnostopoulos, Vasileios and Menychtas, Andreas and Varvarigou, Theodora},
doi = {10.1109/CISIS.2012.117},
file = {:home/ileopoldes/Documents/Mendeley Desktop/06245694.pdf:pdf},
isbn = {978-1-4673-1233-2},
journal = {2012 Sixth International Conference on Complex, Intelligent, and Software Intensive Systems},
keywords = {-cloud},
month = jul,
pages = {1042--1049},
publisher = {Ieee},
title = {{ElaaS: An Innovative Elasticity as a Service Framework for Dynamic Management across the Cloud Stack Layers}},
url = {http://ieeexplore.ieee.org/lpdocs/epic03/wrapper.htm?arnumber=6245694},
year = {2012}
}
@article{Lorido-botr2012,
annote = {An\'{a}lise das diversas t\'{e}cnicas de auto escalonamento},
author = {Lorido-botr, Tania},
file = {:home/ileopoldes/Documents/Mendeley Desktop/Auto-scaling Techniques for Elastic Applications in Cloud Environments.pdf:pdf},
pages = {1--44},
title = {{Auto-scaling Techniques for Elastic Applications in Cloud Environments}},
year = {2012}
}
@article{Righi2013,
annote = {Estado da Arte
Defini\c{c}\~{o}es sobre cloud},
author = {Righi, Rodrigo Da Rosa},
doi = {10.5335/rbca.2013.3084},
file = {:home/ileopoldes/Documents/Mendeley Desktop/Cloud-Elasticidade.pdf:pdf},
issn = {2176-6649},
journal = {Revista Brasileira de Computa\c{c}\~{a}o Aplicada},
keywords = {cloud computing,elasticity,resource provisioning,virtualization},
month = nov,
number = {2},
pages = {2--17},
title = {{Elasticidade em cloud computing: conceito, estado da arte e novos desafios}},
url = {http://www.upf.br/seer/index.php/rbca/article/view/3084},
volume = {5},
year = {2013}
}
@article{Nikravesh2014,
author = {Nikravesh, Ali Yadavar and Ajila, Samuel a. and Lung, Chung-Horng},
doi = {10.1109/ICSC.2014.43},
file = {:home/ileopoldes/Documents/Mendeley Desktop/Cloud Resource Autoscaling System based on Hidden Markov Model (HMM) .pdf:pdf},
isbn = {978-1-4799-4003-5},
journal = {2014 IEEE International Conference on Semantic Computing},
keywords = {auto-scaling,cloud computing,hidden markov model,proactive,resource provisioning},
month = jun,
number = {Section III},
pages = {124--127},
publisher = {Ieee},
title = {{Cloud Resource Auto-scaling System Based on Hidden Markov Model (HMM)}},
url = {http://ieeexplore.ieee.org/lpdocs/epic03/wrapper.htm?arnumber=6882012},
year = {2014}
}
@article{Ehlers2009,
annote = {Vis\~{a}o resumida sobre s\'{e}ries temporais},
author = {Ehlers, Ricardo S},
file = {:home/ileopoldes/Documents/Mendeley Desktop/An\'{a}lise de S\'{e}ries Temporais.pdf:pdf},
journal = {Laborat\'{o}rio de Estat\'{\i}stica e Geoinforma\c{c}\~{a}o. Universidade Federal do Paran\'{a}},
title = {{An\'{a}lise de S\'{e}ries Temporais}},
year = {2009}
}
@article{Coutinho,
annote = {Revis\~{a}o de alguns conceitos},
author = {Coutinho, Emanuel F and Gomes, Danielo G},
file = {:home/ileopoldes/Documents/Mendeley Desktop/minicurso-5.pdf:pdf},
pages = {8},
title = {{Elasticidade em Computa\c{c}\~{a}o na Nuvem: Uma Abordagem Sistem\'{a}tica}},
year = {2013}
}
@article{Dhingra2013,
author = {Dhingra, Mohit and Lakshmi, J. and Nandy, S. K. and Bhattacharyya, Chiranjib and Gopinath, K.},
doi = {10.1109/CLOUD.2013.66},
file = {:home/ileopoldes/Documents/Mendeley Desktop/Elastic Resources Framework in IaaS, preserving performance SLAs.pdf:pdf},
isbn = {978-0-7695-5028-2},
journal = {2013 IEEE Sixth International Conference on Cloud Computing},
keywords = {-clouds,cost function,elasticity,forecasting,qual-},
month = jun,
pages = {430--437},
publisher = {Ieee},
title = {{Elastic Resources Framework in IaaS, Preserving Performance SLAs}},
url = {http://ieeexplore.ieee.org/lpdocs/epic03/wrapper.htm?arnumber=6676724},
year = {2013}
}
@article{Lee2009,
annote = {Livro sobre time series},
author = {Lee, Alice C},
doi = {10.1142/9789812833204\_0024},
file = {:home/ileopoldes/Documents/Mendeley Desktop/Introduction to Time Series Analysis and Forecasting - Yaffee, R.pdf:pdf},
isbn = {9789812706089},
month = jan,
pages = {961--1020},
title = {{Time-Series: Analysis, Model, and Forecasting}},
year = {2009}
}
@article{Galante2012,
annote = {Eestado da arte de conceitos de cloud},
author = {Galante, Guilherme and Bona, Luis Carlos E. De},
doi = {10.1109/UCC.2012.30},
file = {:home/ileopoldes/Documents/Mendeley Desktop/06424959.pdf:pdf},
isbn = {978-1-4673-4432-6},
journal = {2012 IEEE Fifth International Conference on Utility and Cloud Computing},
keywords = {cloud computing,elasticity,survey},
month = nov,
number = {1},
pages = {263--270},
publisher = {Ieee},
title = {{A Survey on Cloud Computing Elasticity}},
url = {http://ieeexplore.ieee.org/lpdocs/epic03/wrapper.htm?arnumber=6424959},
year = {2012}
}
@article{Costache2012,
author = {Costache, Stefania and Parlavantzas, Nikos and Morin, Christine and Kortas, Samuel},
doi = {10.1109/HPCC.2012.56},
file = {:home/ileopoldes/Documents/Mendeley Desktop/Themis$\backslash$: Economy-Based Automatic ResourcevScaling for Cloud Systems.pdf:pdf},
isbn = {978-1-4673-2164-8},
journal = {2012 IEEE 14th International Conference on High Performance Computing and Communication \& 2012 IEEE 9th International Conference on Embedded Software and Systems},
month = jun,
number = {0332},
pages = {367--374},
publisher = {Ieee},
title = {{Themis: Economy-based Automatic Resource Scaling for Cloud Systems}},
url = {http://ieeexplore.ieee.org/lpdocs/epic03/wrapper.htm?arnumber=6332195},
year = {2012}
}
@article{Yazdanov2012,
annote = {
        TB2
        

        
- Constru\'{\i}do sobre Xen Hypervisor
- RUBiS},
author = {Yazdanov, Lenar and Fetzer, Christof},
doi = {10.1109/CGC.2012.108},
file = {:home/ileopoldes/Documents/Mendeley Desktop/Vertical scaling for prioritized VMs provisioning.pdf:pdf},
isbn = {978-1-4673-3027-5},
journal = {2012 Second International Conference on Cloud and Green Computing},
month = nov,
pages = {118--125},
publisher = {Ieee},
title = {{Vertical Scaling for Prioritized VMs Provisioning}},
url = {http://ieeexplore.ieee.org/lpdocs/epic03/wrapper.htm?arnumber=6382806},
year = {2012}
}
